%YAML 1.1
%TAG !u! tag:unity3d.com,2011:
--- !u!1001 &100100000
Prefab:
  m_ObjectHideFlags: 1
  serializedVersion: 2
  m_Modification:
    m_TransformParent: {fileID: 0}
    m_Modifications: []
    m_RemovedComponents: []
  m_ParentPrefab: {fileID: 0}
  m_RootGameObject: {fileID: 1758389247368480}
  m_IsPrefabParent: 1
--- !u!1 &1758389247368480
GameObject:
  m_ObjectHideFlags: 0
  m_PrefabParentObject: {fileID: 0}
  m_PrefabInternal: {fileID: 100100000}
  serializedVersion: 5
  m_Component:
  - component: {fileID: 4035554698955174}
  - component: {fileID: 212324206383262960}
  - component: {fileID: 114690206476845846}
  - component: {fileID: 210503650331054464}
  m_Layer: 0
  m_Name: Woman_charaview
  m_TagString: Untagged
  m_Icon: {fileID: 0}
  m_NavMeshLayer: 0
  m_StaticEditorFlags: 0
  m_IsActive: 1
--- !u!4 &4035554698955174
Transform:
  m_ObjectHideFlags: 1
  m_PrefabParentObject: {fileID: 0}
  m_PrefabInternal: {fileID: 100100000}
  m_GameObject: {fileID: 1758389247368480}
  m_LocalRotation: {x: 0, y: 0, z: 0, w: 1}
  m_LocalPosition: {x: 0, y: -0.5, z: 0}
  m_LocalScale: {x: 0.148, y: 0.148, z: 1}
  m_Children: []
  m_Father: {fileID: 0}
  m_RootOrder: 0
  m_LocalEulerAnglesHint: {x: 0, y: 0, z: 0}
--- !u!114 &114690206476845846
MonoBehaviour:
  m_ObjectHideFlags: 1
  m_PrefabParentObject: {fileID: 0}
  m_PrefabInternal: {fileID: 100100000}
  m_GameObject: {fileID: 1758389247368480}
  m_Enabled: 1
  m_EditorHideFlags: 0
  m_Script: {fileID: 11500000, guid: a0a14790972ab4a47ae7655172135f6d, type: 3}
  m_Name: 
  m_EditorClassIdentifier: 
  _charaID: 6
  main_sprite: {fileID: 21300000, guid: 89592899b3ba26f44a265729005958c4, type: 3}
  subSprites:
  - {fileID: 21300000, guid: c178bcdf17808b745902112607f90cbf, type: 3}
  - {fileID: 21300000, guid: c178bcdf17808b745902112607f90cbf, type: 3}
  - {fileID: 21300002, guid: c178bcdf17808b745902112607f90cbf, type: 3}
  - {fileID: 21300004, guid: c178bcdf17808b745902112607f90cbf, type: 3}
  - {fileID: 21300006, guid: c178bcdf17808b745902112607f90cbf, type: 3}
  - {fileID: 21300012, guid: c178bcdf17808b745902112607f90cbf, type: 3}
  - {fileID: 21300014, guid: c178bcdf17808b745902112607f90cbf, type: 3}
  - {fileID: 21300014, guid: c178bcdf17808b745902112607f90cbf, type: 3}
  - {fileID: 21300010, guid: c178bcdf17808b745902112607f90cbf, type: 3}
  - {fileID: 21300016, guid: c178bcdf17808b745902112607f90cbf, type: 3}
  - {fileID: 21300010, guid: c178bcdf17808b745902112607f90cbf, type: 3}
  - {fileID: 21300020, guid: c178bcdf17808b745902112607f90cbf, type: 3}
  - {fileID: 21300006, guid: c178bcdf17808b745902112607f90cbf, type: 3}
  - {fileID: 21300008, guid: c178bcdf17808b745902112607f90cbf, type: 3}
  - {fileID: 21300000, guid: c178bcdf17808b745902112607f90cbf, type: 3}
  - {fileID: 21300000, guid: c178bcdf17808b745902112607f90cbf, type: 3}
  - {fileID: 21300000, guid: c178bcdf17808b745902112607f90cbf, type: 3}
  - {fileID: 21300000, guid: c178bcdf17808b745902112607f90cbf, type: 3}
  subSpritesDiff:
  - {x: 0, y: 0}
  - {x: 0, y: 0}
  - {x: 0.0001, y: -0.0033}
  - {x: -0.00045, y: -0.0024}
  - {x: 0, y: -0.0023}
  - {x: 0, y: -0.0044}
  - {x: 0, y: -0.0038}
  - {x: 0, y: -0.0038}
  - {x: 0.0005, y: 0.0553}
  - {x: 0, y: -0.0038}
  - {x: 0.0005, y: 0.0553}
  - {x: 0.0019, y: -0.00325}
  - {x: 0.0001, y: -0.0024}
  - {x: 0, y: 0.0003}
  - {x: 0, y: 0}
  - {x: 0, y: 0}
  - {x: 0, y: 0}
  - {x: 0, y: 0}
  diffVec: {x: 0.002, y: 1.7687}
--- !u!210 &210503650331054464
SortingGroup:
  m_ObjectHideFlags: 1
  m_PrefabParentObject: {fileID: 0}
  m_PrefabInternal: {fileID: 100100000}
  m_GameObject: {fileID: 1758389247368480}
  m_Enabled: 1
  m_SortingLayerID: 323250665
  m_SortingLayer: 1
  m_SortingOrder: 0
--- !u!212 &212324206383262960
SpriteRenderer:
  m_ObjectHideFlags: 1
  m_PrefabParentObject: {fileID: 0}
  m_PrefabInternal: {fileID: 100100000}
  m_GameObject: {fileID: 1758389247368480}
  m_Enabled: 1
  m_CastShadows: 0
  m_ReceiveShadows: 0
  m_DynamicOccludee: 1
  m_MotionVectors: 1
  m_LightProbeUsage: 1
  m_ReflectionProbeUsage: 1
  m_RenderingLayerMask: 4294967295
  m_Materials:
  - {fileID: 10754, guid: 0000000000000000f000000000000000, type: 0}
  m_StaticBatchInfo:
    firstSubMesh: 0
    subMeshCount: 0
  m_StaticBatchRoot: {fileID: 0}
  m_ProbeAnchor: {fileID: 0}
  m_LightProbeVolumeOverride: {fileID: 0}
  m_ScaleInLightmap: 1
  m_PreserveUVs: 0
  m_IgnoreNormalsForChartDetection: 0
  m_ImportantGI: 0
  m_StitchLightmapSeams: 0
  m_SelectedEditorRenderState: 0
  m_MinimumChartSize: 4
  m_AutoUVMaxDistance: 0.5
  m_AutoUVMaxAngle: 89
  m_LightmapParameters: {fileID: 0}
  m_SortingLayerID: 323250665
  m_SortingLayer: 1
  m_SortingOrder: 0
  m_Sprite: {fileID: 21300000, guid: 89592899b3ba26f44a265729005958c4, type: 3}
  m_Color: {r: 1, g: 1, b: 1, a: 1}
  m_FlipX: 0
  m_FlipY: 0
  m_DrawMode: 0
  m_Size: {x: 1, y: 2}
  m_AdaptiveModeThreshold: 0.5
  m_SpriteTileMode: 0
  m_WasSpriteAssigned: 1
  m_MaskInteraction: 0
